<?xml version="1.0" encoding="UTF-8"?><collection xmlns="http://www.loc.gov/MARC21/slim"><record><leader>00438nam--2200169-i-4500</leader><controlfield tag="001">000001743</controlfield><controlfield tag="002">20161230</controlfield><controlfield tag="005">20161230201024</controlfield><controlfield tag="008">060222s1000------------r-----000-0-eng-d</controlfield><datafield ind1=" " ind2=" " tag="040"><subfield code="a">IFIN-HH</subfield></datafield><datafield ind1=" " ind2=" " tag="080"><subfield code="a">534-8</subfield></datafield><datafield ind1="1" ind2=" " tag="100"><subfield code="a">Frederic, Julian R</subfield></datafield><datafield ind1="1" ind2="0" tag="245"><subfield code="a">Ultrasonic engineering</subfield><subfield code="c">Julian r. frederick</subfield></datafield><datafield ind1=" " ind2=" " tag="260"><subfield code="a">New York, John Wiley &amp; Sons Inc., 1965</subfield></datafield><datafield ind1=" " ind2=" " tag="300"><subfield code="a">XII + 379 P</subfield></datafield><datafield ind1=" " ind2=" " tag="852"><subfield code="a">34931</subfield><subfield code="c">534</subfield></datafield><datafield ind1=" " ind2=" " tag="CAT"><subfield code="a">Sys</subfield><subfield code="c">20101008</subfield><subfield code="h">083843</subfield></datafield></record></collection>